<record><leader>00000cas a22000007a 4500</leader><controlfield tag="001">10242935</controlfield><controlfield tag="008">831221d19341979mtuwr ne      0    0eng d</controlfield><datafield ind1=" " ind2=" " tag="010"><subfield code="a">sn 83047008 </subfield></datafield><datafield ind1=" " ind2=" " tag="040"><subfield code="a">MTL</subfield><subfield code="b">eng</subfield><subfield code="c">MTL</subfield><subfield code="d">OCLCQ</subfield></datafield><datafield ind1=" " ind2=" " tag="042"><subfield code="a">msc</subfield></datafield><datafield ind1="0" ind2=" " tag="130"><subfield code="a">Stillwater news (Absarokee, Mont.)</subfield></datafield><datafield ind1="1" ind2="4" tag="245"><subfield code="a">The Stillwater news.</subfield></datafield><datafield ind1=" " ind2=" " tag="260"><subfield code="a">Absarokee, Mont. :</subfield><subfield code="b">Stillwater Trading Co.,</subfield><subfield code="c">-1979.</subfield></datafield><datafield ind1=" " ind2=" " tag="300"><subfield code="a">45 v. :</subfield><subfield code="b">ill. (chiefly ads) ;</subfield><subfield code="c">36-44 cm.</subfield></datafield><datafield ind1=" " ind2=" " tag="310"><subfield code="a">Weekly</subfield></datafield><datafield ind1="0" ind2=" " tag="362"><subfield code="a">-v. 58, no. 36 (Sept. 6, 1979).</subfield></datafield><datafield ind1="1" ind2=" " tag="362"><subfield code="a">Began in Aug. 1934.</subfield></datafield><datafield ind1=" " ind2=" " tag="500"><subfield code="a">Publisher varies.</subfield></datafield><datafield ind1=" " ind2=" " tag="515"><subfield code="a">Numbering irregular.</subfield></datafield><datafield ind1=" " ind2=" " tag="525"><subfield code="a">Supplements accompany some issues.</subfield></datafield><datafield ind1=" " ind2=" " tag="530"><subfield code="a">1934-1952; 1975-1979 available on microfilm from the Montana Historical Society.</subfield></datafield><datafield ind1=" " ind2=" " tag="530"><subfield code="a">1952-1974 available on microfilm from Micro Photo Division, Bell and Howell.</subfield></datafield><datafield ind1=" " ind2=" " tag="588"><subfield code="a">Description based on: Vol. 1, no. 2 (Sept. 5, 1934).</subfield></datafield><datafield ind1=" " ind2=" " tag="752"><subfield code="a">United States</subfield><subfield code="b">Montana</subfield><subfield code="c">Stillwater</subfield><subfield code="d">Absarokee.</subfield></datafield><datafield ind1="0" ind2="0" tag="785"><subfield code="t">Absaroka sun</subfield><subfield code="w">(OCoLC)10242944</subfield></datafield></record>